<record><leader>00000cas a2200000 a 4500</leader><controlfield tag="001">22250897</controlfield><controlfield tag="008">900821d19651989azuwr ne      0   a0eng d</controlfield><datafield ind1=" " ind2=" " tag="010"><subfield code="a">sn 94050658 </subfield></datafield><datafield ind1=" " ind2=" " tag="040"><subfield code="a">AZS</subfield><subfield code="b">eng</subfield><subfield code="c">AZS</subfield><subfield code="d">ANN</subfield><subfield code="d">OCLCQ</subfield></datafield><datafield ind1=" " ind2=" " tag="043"><subfield code="a">n-us-az</subfield></datafield><datafield ind1=" " ind2=" " tag="090"><subfield code="a">AN2.A94</subfield><subfield code="b">W4x</subfield></datafield><datafield ind1="0" ind2=" " tag="130"><subfield code="a">Westsider (Goodyear, Ariz.)</subfield></datafield><datafield ind1="1" ind2="4" tag="245"><subfield code="a">The Westsider.</subfield></datafield><datafield ind1=" " ind2=" " tag="260"><subfield code="a">Goodyear, Ariz. :</subfield><subfield code="b">Westside Newspapers Co.,</subfield><subfield code="c">1965-1989.</subfield></datafield><datafield ind1=" " ind2=" " tag="300"><subfield code="a">v. :</subfield><subfield code="b">ill.</subfield></datafield><datafield ind1=" " ind2=" " tag="310"><subfield code="a">Weekly</subfield></datafield><datafield ind1="0" ind2=" " tag="362"><subfield code="a">Vol. 23, no. 27 (Feb. 9, 1965)-v. 50, no. 3 (Aug. 30, 1989).</subfield></datafield><datafield ind1=" " ind2=" " tag="500"><subfield code="a">Includes supplement: Westsider green sheet, &lt;Oct. 28, 1965-May 19, 1966&gt;.</subfield></datafield><datafield ind1=" " ind2=" " tag="580"><subfield code="a">Merger of: Westside enterprise (Goodyear, Ariz.), and: Westside citizen.</subfield></datafield><datafield ind1=" " ind2="0" tag="651"><subfield code="a">Goodyear (Ariz.)</subfield><subfield code="v">Newspapers.</subfield></datafield><datafield ind1=" " ind2="0" tag="651"><subfield code="a">Litchfield Park (Ariz.)</subfield><subfield code="v">Newspapers.</subfield></datafield><datafield ind1=" " ind2="0" tag="651"><subfield code="a">Tolleson (Ariz.)</subfield><subfield code="v">Newspapers.</subfield></datafield><datafield ind1=" " ind2="0" tag="651"><subfield code="a">Avondale (Ariz.)</subfield><subfield code="v">Newspapers.</subfield></datafield><datafield ind1=" " ind2="0" tag="651"><subfield code="a">Phoenix (Ariz.)</subfield><subfield code="v">Newspapers.</subfield></datafield><datafield ind1=" " ind2="0" tag="651"><subfield code="a">Maricopa County (Ariz.)</subfield><subfield code="v">Newspapers.</subfield></datafield><datafield ind1=" " ind2=" " tag="752"><subfield code="a">United States</subfield><subfield code="b">Arizona</subfield><subfield code="c">Maricopa</subfield><subfield code="d">Goodyear.</subfield></datafield><datafield ind1="1" ind2="4" tag="780"><subfield code="t">Westside enterprise (Goodyear, Ariz.)</subfield><subfield code="w">(DLC)sn 94050657</subfield></datafield><datafield ind1="1" ind2="4" tag="780"><subfield code="t">Westside citizen</subfield><subfield code="w">(DLC)sn 97060225</subfield></datafield><datafield ind1="0" ind2="0" tag="785"><subfield code="t">Westsider chronicle</subfield><subfield code="w">(DLC)sn 99068176</subfield></datafield></record>